@ARTICLE{A,
       author = {{Pesch}, Peter},
        title = "{The Galactic Cluster NGC 7654 (M 52).}",
      journal = {\apj},
         year = {1960},
        month = {nov},
       volume = {132},
        pages = {689},
          doi = {10.1086/146974},
       adsurl = {https://ui.adsabs.harvard.edu/abs/1960ApJ...132..689P},
      adsnote = {Provided by the SAO/NASA Astrophysics Data System}
}

@article{B,
  title={Revised Str{\"o}mgren metallicity calibration for red giants},
  author={Hilker, Michael},
  journal={arXiv preprint astro-ph/9911387},
  year={1999}
}

@ARTICLE{C,
       author = {{Richter}, P. and {Hilker}, M. and {Richtler}, T.},
        title = "{Str{\"o}mgren photometry in globular clusters: M55 \&amp; M22}",
      journal = {\aap},
     keywords = {GALAXY: GLOBULAR CLUSTERS: INDIVIDUAL: M22, GALAXY: GLOBULAR CLUSTERS: INDIVIDUAL: M55, STARS: ABUNDANCES, STARS: BLUE STRAGGLERS, Astrophysics},
         year = {1999},
        month = {oct},
       volume = {350},
        pages = {476-484},
archivePrefix = {arXiv},
       eprint = {astro-ph/9907200},
 primaryClass = {astro-ph},
       adsurl = {https://ui.adsabs.harvard.edu/abs/1999A&A...350..476R},
      adsnote = {Provided by the SAO/NASA Astrophysics Data System}
}

@ARTICLE{D,
       author = {{Park}, Woojin and {Pak}, Soojong and {Shim}, Hyunjin and
         {Le}, Huynh Anh N. and {Im}, Myungshin and {Chang}, Seunghyuk and
         {Yu}, Joonkyu},
        title = "{Photometric transformation from RGB Bayer filter system to Johnson-Cousins BVR filter system}",
      journal = {Advances in Space Research},
     keywords = {Data analysis, Photometry transformation, Johnson-Cousins filter system, Bayer filter system, Open cluster, Astrophysics - Instrumentation and Methods for Astrophysics, Astrophysics - Solar and Stellar Astrophysics},
         year = 2016,
        month = jan,
       volume = {57},
       number = {1},
        pages = {509-518},
          doi = {10.1016/j.asr.2015.08.004},
archivePrefix = {arXiv},
       eprint = {1501.04778},
 primaryClass = {astro-ph.IM},
       adsurl = {https://ui.adsabs.harvard.edu/abs/2016AdSpR..57..509P},
      adsnote = {Provided by the SAO/NASA Astrophysics Data System}
}

@ARTICLE{E,
       author = {{Hilker}, Michael},
        title = "{Revised Str{\"o}mgren metallicity calibration for red giants}",
      journal = {\aap},
     keywords = {STARS: ABUNDANCES, STARS: CHEMICALLY PECULIAR, STARS: LATE-TYPE, GALAXY: GLOBULAR CLUSTERS: INDIVIDUAL: OMEGA CEN, GALAXY: GLOBULAR CLUSTERS: INDIVIDUAL: M 22, Astrophysics},
         year = 2000,
        month = mar,
       volume = {355},
        pages = {994-1002},
archivePrefix = {arXiv},
       eprint = {astro-ph/9911387},
 primaryClass = {astro-ph},
       adsurl = {https://ui.adsabs.harvard.edu/abs/2000A&A...355..994H},
      adsnote = {Provided by the SAO/NASA Astrophysics Data System}
}

@ARTICLE{F,
       author = {{Anthony-Twarog}, Barbara J. and {Twarog}, Bruce A.},
        title = "{CCD UVBYH{\ensuremath{\beta}} Photometry in Clusters. II. The Nearest Globular Cluster, NGC 6397}",
      journal = {\aj},
     keywords = {globular clusters: individual (NGC 6397), Techniques: Photometric},
         year = 2000,
        month = dec,
       volume = {120},
       number = {6},
        pages = {3111-3126},
          doi = {10.1086/316864},
       adsurl = {https://ui.adsabs.harvard.edu/abs/2000AJ....120.3111A},
      adsnote = {Provided by the SAO/NASA Astrophysics Data System}
}

@ARTICLE{G,
       author = {{Favata}, F. and {Micela}, G. and {Sciortino}, S. and {Morale}, F.},
        title = "{On the comparison between spectroscopic and photometric metallicity measurements in active solar-type stars.}",
      journal = {\aap},
     keywords = {STARS: ABUNDANCES, STARS: LATE-TYPE},
         year = {1997},
        month = {aug},
       volume = {324},
        pages = {998-1004},
       adsurl = {https://ui.adsabs.harvard.edu/abs/1997A&A...324..998F},
      adsnote = {Provided by the SAO/NASA Astrophysics Data System}
}

@article{H,
	author = {{G\"ottgens, Fabian} and {Husser, Tim-Oliver} and {Kamann, Sebastian} and {Dreizler, Stefan} and {Giesers, Benjamin} and {Kollatschny, Wolfram} and {Weilbacher, Peter M.} and {Roth, Martin M.} and {Wendt, Martin}},
	title = {A stellar census in globular clusters with MUSE: A spectral catalogue of emission-line sources},
	DOI= "10.1051/0004-6361/201936485",
	url= "https://doi.org/10.1051/0004-6361/201936485",
	journal = {A\&A},
	year = {2019},
	volume = {631},
	pages = "A118",
}

@article{I,
	author = {{Calamida, A.} and {Monelli, M.} and {Milone, A. P.} and {Bono, G.} and {Pietrinferni, A.} and {Lagioia, E. P.}},
	title = {A new visual - near-infrared diagnostic to estimate the metallicity of cluster and field dwarf stars},
	DOI= "10.1051/0004-6361/201219712",
	url= "https://doi.org/10.1051/0004-6361/201219712",
	journal = {A\&A},
	year = {2012},
	volume = {544},
	pages = "A152",
	month = "",
}


