@book{birational_geometry, place={Cambridge}, series={Cambridge Tracts in Mathematics}, title={Birational Geometry of Algebraic Varieties}, DOI={10.1017/CBO9780511662560}, publisher={Cambridge University Press}, author={Kollár, János and Mori, Shigefumi}, year={1998}, collection={Cambridge Tracts in Mathematics}}

@book{rational_curves,
  title={Rational Curves on Algebraic Varieties},
  author={Kollár, János.},
  isbn={9783540601685},
  lccn={96042735},
  series={Ergebnisse der Mathematik und ihrer Grenzgebiete. 3. Folge / A Series of Modern Surveys in Mathematics},
  url={https://books.google.com/books?id=oqW3GabJLjgC},
  year={1999},
  publisher={Springer Berlin Heidelberg}
}

@article{ample_tangent,
 ISSN = {0003486X},
 URL = {http://www.jstor.org/stable/1971241},
 author = {Shigefumi Mori},
 journal = {Annals of Mathematics},
 number = {3},
 pages = {593--606},
 publisher = {Annals of Mathematics},
 title = {Projective Manifolds with Ample Tangent Bundles},
 volume = {110},
 year = {1979}
}

@article{Hartshorne_conjecture,
author = {Shigefumi Mori and Hideyasu Sumihiro},
title = {{On Hartshorne’s conjecture}},
volume = {18},
journal = {Journal of Mathematics of Kyoto University},
number = {3},
publisher = {Duke University Press},
pages = {523 -- 533},
year = {1978},
doi = {10.1215/kjm/1250522508},
URL = {https://doi.org/10.1215/kjm/1250522508}
}

@article{ample_vb,
author = {Hartshorne, Robin},
journal = {Publications Mathématiques de l'IHÉS},
keywords = {algebraic geometry},
language = {eng},
pages = {63-94},
publisher = {Institut des Hautes Études Scientifiques},
title = {Ample vector bundles},
url = {http://eudml.org/doc/103864},
volume = {29},
year = {1966},
}
