@misc{ulmer,
      title={Elliptic curves with large rank over function fields}, 
      author={Douglas Ulmer},
      year={2004},
      eprint={math/0109163},
      archivePrefix={arXiv},
      primaryClass={math.NT}
}

@misc{park_heuristic,
      title={A heuristic for boundedness of ranks of elliptic curves}, 
      author={Jennifer Park and Bjorn Poonen and John Voight and Melanie Matchett Wood},
      year={2018},
      eprint={1602.01431},
      archivePrefix={arXiv},
      primaryClass={math.NT}
}

@misc{elkies_28,
      title={The Elkies Curve has Rank 28 Subject only to GRH}, 
      author={Zev Klagsbrun and Travis Sherman and James Weigandt},
      year={2016},
      eprint={1606.07178},
      archivePrefix={arXiv},
      primaryClass={math.NT}
}

@inproceedings{elkies,
  title={New rank records for elliptic curves having rational torsion},
  author={Elkies, Noam D and Klagsbrun, Zev},
  booktitle={Proceedings of the Fourteenth Algorithmic Number Theory Symposium, Mathematical Sciences Publishers, Berkeley},
  pages={233--250},
  year={2020}
}

@article{shioda_conjecture,
author = {Shioda, Tetsuji},
journal = {Mathematische Annalen},
pages = {153-168},
title = {Some Results on Unirationality of Algebraic Surfaces.},
url = {http://eudml.org/doc/163036},
volume = {230},
year = {1977},
}

@article{shioda_fermat,
author = {Tetsuji Shioda and Toshiyuki Katsura},
title = {{On Fermat varieties}},
volume = {31},
journal = {Tohoku Mathematical Journal},
number = {1},
publisher = {Tohoku University, Mathematical Institute},
pages = {97 -- 115},
year = {1979},
doi = {10.2748/tmj/1178229881},
URL = {https://doi.org/10.2748/tmj/1178229881}
}

@article{weil,
author = {Andr{\'e} Weil},
title = {{Numbers of solutions of equations in finite fields}},
volume = {55},
journal = {Bulletin of the American Mathematical Society},
number = {5},
publisher = {American Mathematical Society},
pages = {497 -- 508},
year = {1949},
}